<record><leader>00000cas a2200000 a 4500</leader><controlfield tag="001">21402094</controlfield><controlfield tag="008">900420d1uuu1923iluwr ne      0   a0eng c</controlfield><datafield ind1=" " ind2=" " tag="010"><subfield code="a">sn 90054533 </subfield></datafield><datafield ind1=" " ind2=" " tag="040"><subfield code="a">NVF</subfield><subfield code="b">eng</subfield><subfield code="c">NVF</subfield><subfield code="d">DLC</subfield><subfield code="d">OCLCQ</subfield><subfield code="d">NVF</subfield><subfield code="d">OCLCQ</subfield><subfield code="d">OCLCF</subfield><subfield code="d">NVF</subfield><subfield code="d">OCLCO</subfield></datafield><datafield ind1="1" ind2=" " tag="029"><subfield code="a">AU@</subfield><subfield code="b">000020587220</subfield></datafield><datafield ind1=" " ind2=" " tag="042"><subfield code="a">pcc</subfield></datafield><datafield ind1=" " ind2=" " tag="043"><subfield code="a">n-us-il</subfield></datafield><datafield ind1="0" ind2="0" tag="245"><subfield code="a">Heyworth natural gas.</subfield></datafield><datafield ind1="1" ind2="3" tag="246"><subfield code="a">Natural gas</subfield></datafield><datafield ind1="1" ind2=" " tag="246"><subfield code="i">Final pages have own masthead with title:</subfield><subfield code="a">Wapella news section</subfield><subfield code="f">Apr. 5-26, 1923</subfield></datafield><datafield ind1="1" ind2=" " tag="246"><subfield code="i">Final pages have own masthead with title:</subfield><subfield code="a">Wapella elite</subfield><subfield code="f">May 10-Nov. 8, 1923</subfield></datafield><datafield ind1=" " ind2=" " tag="260"><subfield code="a">Heyworth, Ill. :</subfield><subfield code="b">S.M. Drum</subfield></datafield><datafield ind1=" " ind2=" " tag="300"><subfield code="a">v.</subfield></datafield><datafield ind1=" " ind2=" " tag="310"><subfield code="a">Weekly</subfield></datafield><datafield ind1="0" ind2=" " tag="362"><subfield code="a">-v. 35, no. 43 (Nov. 8, 1923).</subfield></datafield><datafield ind1=" " ind2=" " tag="515"><subfield code="a">"Wapella news section" numbered Vol. 1, no. 1-v. 1, no. 4.</subfield></datafield><datafield ind1=" " ind2=" " tag="515"><subfield code="a">"Wapella elite" numbered Vol. 1, no. 5-v. 1, no. 43.</subfield></datafield><datafield ind1=" " ind2=" " tag="588"><subfield code="a">Description based on: Vol. 19, no. 41 (Oct. 14, 1904).</subfield></datafield><datafield ind1=" " ind2="0" tag="651"><subfield code="a">Heyworth (Ill.)</subfield><subfield code="v">Newspapers.</subfield></datafield><datafield ind1=" " ind2="0" tag="651"><subfield code="a">Wapella (Ill.)</subfield><subfield code="v">Newspapers.</subfield></datafield><datafield ind1=" " ind2="7" tag="651"><subfield code="a">Illinois</subfield><subfield code="z">Heyworth.</subfield><subfield code="2">fast</subfield><subfield code="0">(OCoLC)fst01278463</subfield></datafield><datafield ind1=" " ind2="7" tag="651"><subfield code="a">Illinois</subfield><subfield code="z">Wapella.</subfield><subfield code="2">fast</subfield><subfield code="0">(OCoLC)fst01876234</subfield></datafield><datafield ind1=" " ind2="7" tag="655"><subfield code="a">Newspapers.</subfield><subfield code="2">fast</subfield><subfield code="0">(OCoLC)fst01423814</subfield></datafield><datafield ind1=" " ind2=" " tag="752"><subfield code="a">United States</subfield><subfield code="b">Illinois</subfield><subfield code="c">McLean</subfield><subfield code="d">Heyworth.</subfield></datafield><datafield ind1="0" ind2="0" tag="785"><subfield code="t">Heyworth star</subfield><subfield code="w">(DLC)sn 87082785</subfield><subfield code="w">(OCoLC)15875170</subfield></datafield></record>